

@online{lsstSRD,
  title={LSST Science Requirements Document},
  author={Ivezi{\'c}, {\v{Z}.} and the LSST Science Collaboration},
  year = {2013},
  url = {http://ls.st/LPM-17}
}

@article{ivezic2008lsst,
  title={LSST: from science drivers to reference design and anticipated data products},
  author={Ivezi\'c, \v{Z}. and Tyson, J.~A. and Acosta, E. and Allsman, R. and Anderson, S.~F. and Andrew, J. and Angel, J.~R.~P. and Axelrod, T.~S. and Barr, J.~D. and Becker, A.~C. and others},
  archivePrefix = "arXiv",
  eprint = {0805.2366v4},
  year={2008}
}

@article{abell2009lsst,
  title={LSST Science Book, Version 2.0},
  author={Abell, P.~A. and Allison, J. and Anderson, S.~F. and Andrew, J.~R. and Angel, J.~R.~P. and Armus, L. and Arnett, D. and Asztalos, S.~J. and Axelrod, T.~S. and Bailey, S and others},
  archivePrefix = "arXiv",
  eprint = {0912.0201},
  year={2009}
}
 
@INPROCEEDINGS{2014SPIE.9150E..14C,
   author = {{Connolly}, A.~J. and {Angeli}, G.~Z. and {Chandrasekharan}, S. and {Claver}, C.~F. and {Cook}, K. and {Ivezic}, Z. and {Jones}, R.~L. and   {Krughoff}, K.~S. and {Peng}, E.-H. and {Peterson}, J. and {Petry}, C. and    {Rasmussen}, A.~P. and {Ridgway}, S.~T. and {Saha}, A. and {Sembroski}, G. and    {vanderPlas}, J. and {Yoachim}, P.},
    title = "{An end-to-end simulation framework for the Large Synoptic Survey Telescope}",
    series = {Society of Photo-Optical Instrumentation Engineers (SPIE) Conference Series},
    booktitle = {Modeling, Systems Engineering, and Project Management for Astronomy VI},
    editor = {George Z. Angeli and Philippe Dierickx},
    year = 2014,
    volume = 9150,
    eid = {915014},
    pages = {14},
    doi = {10.1117/12.2054953},
    adsurl = {http://adsabs.harvard.edu/abs/2014SPIE.9150E..14C},
    adsnote = {Provided by the SAO/NASA Astrophysics Data System}
}
 
@INPROCEEDINGS{2014SPIE.9150E..15D,
   author = {{Delgado}, F. and {Saha}, A. and {Chandrasekharan}, S. and {Cook}, K. and {Petry}, C. and {Ridgway}, S.},
    title = "{The LSST operations simulator}",
    series = {Society of Photo-Optical Instrumentation Engineers (SPIE) Conference Series},
    booktitle = {Modeling, Systems Engineering, and Project Management for Astronomy VI},
    editor = {George Z. Angeli and Philippe Dierickx},
    year = {2014},
    volume = 9150,
    eid = {915015},
    pages = {15},
    doi = {10.1117/12.2056898},
    adsurl = {http://adsabs.harvard.edu/abs/2014SPIE.9150E..15D},
   adsnote = {Provided by the SAO/NASA Astrophysics Data System}
}

@INPROCEEDINGS{2014SPIE.9149E..0BJ,
   author = {{Jones}, R.~L. and {Yoachim}, P. and {Chandrasekharan}, S. and {Connolly}, A.~J. and {Cook}, K.~H. and {Ivezic}, {\v Z}. and  {Krughoff}, K.~S. and {Petry}, C. and {Ridgway}, S.~T.},
    title = "{The LSST metrics analysis framework (MAF)}",
    series = {Society of Photo-Optical Instrumentation Engineers (SPIE) Conference Series},
    booktitle = {Observatory Operations: Strategies, Processes, and Systems V},
    editor = {Alison B. Peck and Chris R. Benn and Robert L. Seaman},
    year = 2014,
    volume = 9149,
    eid = {91490B},
    pages = {0},
    doi = {10.1117/12.2056835},
    adsurl = {http://adsabs.harvard.edu/abs/2014SPIE.9149E..0BJ},
   adsnote = {Provided by the SAO/NASA Astrophysics Data System}
}

@article{0067-0049-218-1-14,
author = {{Peterson}, J.~R. and {Jernigan}, J.~G. and {Kahn}, S.~M. and  {Rasmussen}, A.~P. and {Peng}, E. and {Ahmad}, Z. and {Bankert}, J. and {Chang}, C. and {Claver}, C. and {Gilmore}, D.~K. and {Grace}, E. and {Hannel}, M. and {Hodge}, M. and {Lorenz}, S. and {Lupu}, A. and {Meert}, A. and {Nagarajan}, S. and {Todd}, N. and {Winans}, A. and {Young}, M.},
  title={Simulation of Astronomical Images from Optical Survey Telescopes Using a Comprehensive Photon Monte Carlo Approach},
  journal={The Astrophysical Journal Supplement Series},
  volume={218},
  number={1},
  pages={14},
  url={http://stacks.iop.org/0067-0049/218/i=1/a=14},
  year={2015},
  archivePrefix = "arXiv",
  eprint = {1504.06570},
  primaryClass = "astro-ph.IM",
  keywords = {Astrophysics - Instrumentation and Methods for Astrophysics},
  adsurl = {http://adsabs.harvard.edu/abs/2015arXiv150406570P},
  adsnote = {Provided by the SAO/NASA Astrophysics Data System}
}
	

@online{DPDD,
  author = {{Juri\'c}, M. and Lupton, R.~H. and Axelrod, T. and Bosch, J.~F. and Dubois-Felsmann, G.~P. and
  Ivezi{\'c}, {\v{Z}}. and Becker, A.~C. and Becla, J. and Connolly, A.~J. and Freemon, M. and Kantor, J.
  and Lim, K-T  and Shaw, R. and Strauss, M.~A. and Tyson, J.~A.},
  title = {LSST Data Products Definition Document},
  year = 2013,
  url = {http://ls.st/LSE-163}
}

@online{LSE-180,
  author = {Jones, R.~L. and Axelrod, T.~S. and Ivezi{\'c}, {\v{Z}} and Burke, D. and Stubbs, C.
            and Bartlett, J.~G. and Bazin, G. and Blanc, G. and Boucaud, A. and Colley, J.~M. and
	    Cr{\'e}ze, M. and {Juri\'c}, M. and Roucelle, C. and Saha, A. and Smith, J.~A.
	    and Strauss, M.~A. and Yoachim, P},
  title = {Level 2 Photometric Calibration for the LSST Survey},
  year = 2013,
  url = {http://ls.st/LSE-180}
}

@ARTICLE{2015arXiv151207914J,
   author = {{Juri{\'c}}, M. and {Kantor}, J. and {Lim}, K. and {Lupton}, R.~H. and 
	{Dubois-Felsmann}, G. and {Jenness}, T. and {Axelrod}, T.~S. and 
	{Aleksi{\'c}}, J. and {Allsman}, R.~A. and {AlSayyad}, Y. and 
	{Alt}, J. and {Armstrong}, R. and {Basney}, J. and {Becker}, A.~C. and 
	{Becla}, J. and {Bickerton}, S.~J. and {Biswas}, R. and {Bosch}, J. and 
	{Boutigny}, D. and {Carrasco Kind}, M. and {Ciardi}, D.~R. and 
	{Connolly}, A.~J. and {Daniel}, S.~F. and {Daues}, G.~E. and 
	{Economou}, F. and {Chiang}, H.-F. and {Fausti}, A. and {Fisher-Levine}, M. and 
	{Freemon}, D.~M. and {Gee}, P. and {Gris}, P. and {Hernandez}, F. and 
	{Hoblitt}, J. and {Ivezi{\'c}}, {\v Z}. and {Jammes}, F. and 
	{Jevremovi{\'c}}, D. and {Jones}, R.~L. and {Bryce Kalmbach}, J. and 
	{Kasliwal}, V.~P. and {Krughoff}, K.~S. and {Lang}, D. and {Lurie}, J. and 
	{Lust}, N.~B. and {Mullally}, F. and {MacArthur}, L.~A. and 
	{Melchior}, P. and {Moeyens}, J. and {Nidever}, D.~L. and {Owen}, R. and 
	{Parejko}, J.~K and {Peterson}, J.~M. and {Petravick}, D. and 
	{Pietrowicz}, S.~R. and {Price}, P.~A. and {Reiss}, D.~J. and 
	{Shaw}, R.~A. and {Sick}, J. and {Slater}, C.~T. and {Strauss}, M.~A. and 
	{Sullivan}, I.~S. and {Swinbank}, J.~D. and {Van Dyk}, S. and 
	{Vuj{\v c}i{\'c}}, V. and {Withers}, A. and {Yoachim}, P. and 
	{LSST Project}, f.~t.},
    title = "{The LSST Data Management System}",
  journal = {ArXiv e-prints},
archivePrefix = "arXiv",
   eprint = {1512.07914},
 primaryClass = "astro-ph.IM",
 keywords = {Astrophysics - Instrumentation and Methods for Astrophysics},
     year = 2015,
    month = dec,
   adsurl = {http://adsabs.harvard.edu/abs/2015arXiv151207914J},
  adsnote = {Provided by the SAO/NASA Astrophysics Data System}
}

@INPROCEEDINGS{2014SPIE.9145E..1AG,
   author = {{Gressler}, W. and {DeVries}, J. and {Hileman}, E. and {Neill}, D.~R. and {Sebag}, J. and {Wiecha}, O. and {Andrew}, J. and {Lotz}, P. and  {Schoening}, W.},    
   title = "{LSST Telescope and site status}",
   series = {Society of Photo-Optical Instrumentation Engineers (SPIE) Conference Series},
   booktitle = {Ground-based and Airborne Telescopes V},
   editor = {Larry M. Stepp and Roberto Gilmozzi and Helen J. Hall},
   year = 2014,   
   volume = 9145,    
   month = jul,      
   eid = {91451A},    
   pages = {1},      
   doi = {10.1117/12.2056711},   
   adsurl = {http://adsabs.harvard.edu/abs/2014SPIE.9145E..1AG},  
   adsnote = {Provided by the SAO/NASA Astrophysics Data System}
   } 

@INPROCEEDINGS{2014SPIE.9149E..0GD,
   author = {{Delgado}, F. and {Schumacher}, G.},
    title = "{The LSST OCS scheduler design}",
booktitle = {Observatory Operations: Strategies, Processes, and Systems V},
   editor = {Alison B. Peck and Chris R. Benn and Robert L. Seaman},
     year = 2014,
   volume = 9149,
   series = {Society of Photo-Optical Instrumentation Engineers (SPIE) Conference Series},
      eid = {91490G},
    pages = {0},
      doi = {10.1117/12.2056871},
   adsurl = {http://adsabs.harvard.edu/abs/2014SPIE.9149E..0GD},
  adsnote = {Provided by the SAO/NASA Astrophysics Data System}
}

@INPROCEEDINGS{2010SPIE.7735E..0JK,
   author = {{Kahn}, S.~M. and {Kurita}, N. and {Gilmore}, K. and {Nordby}, M. and 
	{O'Connor}, P. and {Schindler}, R. and {Oliver}, J. and {Van Berg}, R. and 
	{Olivier}, S. and {Riot}, V. and {Antilogus}, P. and {Schalk}, T. and 
	{Huffer}, M. and {Bowden}, G. and {Singal}, J. and {Foss}, M.
	},
    title = "{Design and development of the 3.2 gigapixel camera for the Large Synoptic Survey Telescope}",
   series = {Society of Photo-Optical Instrumentation Engineers (SPIE) Conference Series},
booktitle = {Ground-based and Airborne Instrumentation for Astronomy III},
   editor = {Ian S. McLean and Suzanne K. Ramsay and Hideki Takami},
     year = 2010,
   volume = 7735,
      eid = {77350J},
    pages = {0},
      doi = {10.1117/12.857920},
   adsurl = {http://adsabs.harvard.edu/abs/2010SPIE.7735E..0JK},
  adsnote = {Provided by the SAO/NASA Astrophysics Data System}
}


@INPROCEEDINGS{2014SPIE.9150E..0NS,
   author = {{Selvy}, B.~M. and {Claver}, C. and {Angeli}, G.},
    title = "{Using SysML for verification and validation planning on the Large Synoptic Survey Telescope (LSST)}",
   series = {Society of Photo-Optical Instrumentation Engineers (SPIE) Conference Series},
booktitle = {Modeling, Systems Engineering, and Project Management for Astronomy VI},
   editor = {George Z. Angeli and Philippe Dierickx},
     year = 2014,
   volume = 9150,
      eid = {91500N},
    pages = {0},
      doi = {10.1117/12.2056773},
   adsurl = {http://adsabs.harvard.edu/abs/2014SPIE.9150E..0NS},
  adsnote = {Provided by the SAO/NASA Astrophysics Data System}
}


@INPROCEEDINGS{2014SPIE.9150E..0MC,
   author = {{Claver}, C.~F. and {Selvy}, B.~M. and {Angeli}, G. and {Delgado}, F. and 
	{Dubois-Felsmann}, G. and {Hascall}, P. and {Lotz}, P. and {Marshall}, S. and 
	{Schumacher}, G. and {Sebag}, J.},
    title = "{Systems engineering in the Large Synoptic Survey Telescope project: an application of model based systems engineering}",
   series = {Society of Photo-Optical Instrumentation Engineers (SPIE) Conference Series},
booktitle = {Modeling, Systems Engineering, and Project Management for Astronomy VI},
   editor = {George Z. Angeli and Philippe Dierickx},
     year = 2014,
   volume = 9150,
      eid = {91500M},
    pages = {0},
      doi = {10.1117/12.2056781},
   adsurl = {http://adsabs.harvard.edu/abs/2014SPIE.9150E..0MC},
  adsnote = {Provided by the SAO/NASA Astrophysics Data System}
}

@online{document-8590,
  author = {Rasmussen, A.},
  title = {Sensor Modeling for the LSST Camera Focal Plane: Current Status of SLAC Originated Code},
  year = 2015,
  url = {http://ls.st/document-8590}
}
